@article{collette15_sensor_fusion_method_high_perfor,
  author = {C. Collette and F. Matichard},
  title = {Sensor Fusion Methods for High Performance Active Vibration Isolation Systems},
  journal = {Journal of Sound and Vibration},
  volume = {342},
  number = {nil},
  pages = {1-21},
  year = {2015},
  doi = {10.1016/j.jsv.2015.01.006},
  url = {https://doi.org/10.1016/j.jsv.2015.01.006},
  keywords = {},
}

@inproceedings{collette14_vibrat,
  author = {Collette, C. and Matichard, F},
  title = {Vibration control of flexible structures using fusion of inertial sensors and hyper-stable actuator-sensor pairs},
  booktitle = {International Conference on Noise and Vibration Engineering (ISMA2014)},
  year = {2014},
  keywords = {},
}

@article{oomen18_advan_motion_contr_precis_mechat,
  author = {Tom Oomen},
  title = {Advanced Motion Control for Precision Mechatronics: Control, Identification, and Learning of Complex Systems},
  journal = {IEEJ Journal of Industry Applications},
  volume = {7},
  number = {2},
  pages = {127-140},
  year = {2018},
  doi = {10.1541/ieejjia.7.127},
  url = {https://doi.org/10.1541/ieejjia.7.127},
}

@book{skogestad07_multiv_feedb_contr,
  author = {Skogestad, Sigurd and Postlethwaite, Ian},
  title = {Multivariable Feedback Control: Analysis and Design},
  year = {2007},
  publisher = {John Wiley},
  keywords = {favorite},
}

@phdthesis{hua05_low_ligo,
  author =       {Hua, Wensheng},
  school =       {stanford university},
  title =        {Low frequency vibration isolation and alignment system for
                  advanced LIGO},
  year =         2005,
}

@book{lurie12_class,
  author =       {Lurie, B. J},
  title =        {Classical feedback control : with MATLAB and Simulink},
  year =         2012,
  publisher =    {CRC Press},
  address =      {Boca Raton, FL},
  isbn =         9781439897461,
  keywords =     {favorite},
}

@techreport{bibel92_guidel_h,
  author =       {Bibel, John E and Malyevac, D Stephen},
  institution =  {NAVAL SURFACE WARFARE CENTER DAHLGREN DIV VA},
  title =        {Guidelines for the selection of weighting functions for
                  H-infinity control},
  year =         1992,
  keywords =     {},
}

@inproceedings{dehaeze20_activ_dampin_rotat_platf_integ_force_feedb,
  author          = {Dehaeze, T. and Collette, C.},
  title           = {Active Damping of Rotating Platforms using Integral Force
                  Feedback},
  booktitle       = {Proceedings of the International Conference on Modal
                  Analysis Noise and Vibration Engineering (ISMA)},
  year            = 2020,
}

@misc{dehaeze20_activ_dampin_rotat_posit_platf,
  author          = {Thomas Dehaeze},
  howpublished    = {Source Code on Zonodo},
  month           = 07,
  title           = {Active Damping of Rotating Positioning Platforms},
  url             = {https://doi.org/10.5281/zenodo.3894342},
  doi             = {10.5281/zenodo.3894342},
  year            = 2020,
}

@article{dehaeze21_activ_dampin_rotat_platf_using,
  author = {Thomas Dehaeze and Christophe Collette},
  title = {Active Damping of Rotating Platforms Using Integral Force Feedback},
  journal = {Engineering Research Express},
  year = {2021},
  url = {http://iopscience.iop.org/article/10.1088/2631-8695/abe803},
}
