@misc{dehaeze20_activ_dampin_rotat_posit_platf,
  author          = {Thomas Dehaeze},
  howpublished    = {Source Code on Zonodo},
  month           = 07,
  title           = {Active Damping of Rotating Positioning Platforms},
  url             = {https://doi.org/10.5281/zenodo.3894342},
  doi             = {10.5281/zenodo.3894342},
  year            = 2020,
}

@inproceedings{dehaeze18_sampl_stabil_for_tomog_exper,
  author          = {Thomas Dehaeze and M. Magnin Mattenet and Christophe
                  Collette},
  title           = {Sample Stabilization For Tomography Experiments In Presence
                  Of Large Plant Uncertainty},
  booktitle       = {MEDSI'18},
  year            = 2018,
  number          = 10,
  pages           = {153--157},
  doi             = {10.18429/JACoW-MEDSI2018-WEOAMA02},
  url             = {https://doi.org/10.18429/JACoW-MEDSI2018-WEOAMA02},
  address         = {Geneva, Switzerland},
  isbn            = {978-3-95450-207-3},
  language        = {english},
  month           = {Dec},
  publisher       = {JACoW Publishing},
  series          = {Mechanical Engineering Design of Synchrotron Radiation
                  Equipment and Instrumentation},
  venue           = {Paris, France},
}

@book{skogestad07_multiv_feedb_contr,
  author          = {Skogestad, Sigurd and Postlethwaite, Ian},
  title           = {Multivariable Feedback Control: Analysis and Design},
  year            = 2007,
  publisher       = {John Wiley},
  isbn            = 9780470011683,
}

@book{preumont18_vibrat_contr_activ_struc_fourt_edition,
  author          = {Andre Preumont},
  title           = {Vibration Control of Active Structures - Fourth Edition},
  year            = 2018,
  publisher       = {Springer International Publishing},
  url             = {https://doi.org/10.1007/978-3-319-72296-2},
  doi             = {10.1007/978-3-319-72296-2},
  pages           = {nil},
  series          = {Solid Mechanics and Its Applications},
}

@inproceedings{preumont91_activ,
  author          = {Andre Preumont and Jean-Paul Dufour and Christian Malekian},
  title           = {Active damping by a local force feedback with piezoelectric
                  actuators},
  booktitle       = {32nd Structures, Structural Dynamics, and Materials
                  Conference},
  year            = 1991,
  doi             = {10.2514/6.1991-989},
  url             = {https://doi.org/10.2514/6.1991-989},
  month           = {apr},
  publisher       = {American Institute of Aeronautics and Astronautics},
}

@article{preumont08_trans_zeros_struc_contr_with,
  author          = {Preumont, Andr{\'e} and De Marneffe, Bruno and Krenk,
                  Steen},
  title           = {Transmission Zeros in Structural Control With Collocated
                  Multi-Input/multi-Output Pairs},
  journal         = {Journal of guidance, control, and dynamics},
  volume          = 31,
  number          = 2,
  pages           = {428--432},
  year            = 2008,
  doi             = {10.2514/1.31529},
  url             = {https://doi.org/10.2514/1.31529},
}

@article{preumont02_force_feedb_versus_accel_feedb,
  author          = {Preumont, Andr{\'e} and A. Fran{\c{c}}ois and F. Bossens
                  and A. Abu-Hanieh},
  title           = {Force Feedback Versus Acceleration Feedback in Active
                  Vibration Isolation},
  journal         = {Journal of Sound and Vibration},
  volume          = 257,
  number          = 4,
  pages           = {605-613},
  year            = 2002,
  doi             = {10.1006/jsvi.2002.5047},
  url             = {https://doi.org/10.1006/jsvi.2002.5047},
}

@article{preumont92_activ_dampin_by_local_force,
  author          = {Preumont, Andre and Dufour, Jean-Paul and Malekian,
                  Christian},
  title           = {Active Damping By a Local Force Feedback With Piezoelectric
                  Actuators},
  journal         = {Journal of guidance, control, and dynamics},
  volume          = 15,
  number          = 2,
  pages           = {390--395},
  year            = 1992,
  doi             = 10.2514/3.20848,
  url             = {https://doi.org/10.2514/3.20848},
}

@article{teo15_optim_integ_force_feedb_activ_vibrat_contr,
  author          = {Yik R. Teo and Andrew J. Fleming},
  title           = {Optimal Integral Force Feedback for Active Vibration
                  Control},
  journal         = {Journal of Sound and Vibration},
  volume          = 356,
  pages           = {20--33},
  year            = 2015,
  doi             = {10.1016/j.jsv.2015.06.046},
  url             = {https://doi.org/10.1016/j.jsv.2015.06.046},
  month           = {nov},
  publisher       = {Elsevier {BV}},
}

@phdthesis{hanieh03_activ_stewar,
  author          = {Hanieh, Ahmed Abu},
  school          = {Universit{\'e} Libre de Bruxelles, Brussels, Belgium},
  title           = {Active isolation and damping of vibrations via Stewart
                  platform},
  year            = 2003,
}

@article{hauge04_sensor_contr_space_based_six,
  author          = {G.S. Hauge and M.E. Campbell},
  title           = {Sensors and Control of a Space-Based Six-Axis Vibration
                  Isolation System},
  journal         = {Journal of Sound and Vibration},
  volume          = 269,
  number          = {3-5},
  pages           = {913-931},
  year            = 2004,
  doi             = {10.1016/s0022-460x(03)00206-2},
  url             = {https://doi.org/10.1016/s0022-460x(03)00206-2},
}

@article{souleille18_concep_activ_mount_space_applic,
  author          = {Souleille, Adrien and Lampert, Thibault and Lafarga, V and
                  Hellegouarch, Sylvain and Rondineau, Alan and Rodrigues,
                  Gon{\c{c}}alo and Collette, Christophe},
  title           = {A Concept of Active Mount for Space Applications},
  journal         = {CEAS Space Journal},
  volume          = 10,
  number          = 2,
  pages           = {157--165},
  year            = 2018,
  doi             = {10.1007/s12567-017-0180-6},
  url             = {https://doi.org/10.1007/s12567-017-0180-6},
  publisher       = {Springer},
}

@article{yoshioka01_activ_microv_isolat_system_hi,
  author          = {H. Yoshioka and Y. Takahashi and K. Katayama and T. Imazawa
                  and N. Murai},
  title           = {An Active Microvibration Isolation System for Hi-Tech
                  Manufacturing Facilities},
  journal         = {Journal of Vibration and Acoustics},
  volume          = 123,
  number          = 2,
  pages           = 269,
  year            = 2001,
  doi             = {10.1115/1.1350566},
  url             = {https://doi.org/10.1115/1.1350566},
}

@article{lan08_activ_vibrat_isolat_long_range,
  author          = {Kuo-Jung Lan and Jia-Yush Yen and John A. Kramar},
  title           = {Active Vibration Isolation for a Long Range Scanning
                  Tunneling Microscope},
  journal         = {Asian Journal of Control},
  volume          = 6,
  number          = 2,
  pages           = {179-186},
  year            = 2008,
  doi             = {10.1111/j.1934-6093.2004.tb00196.x},
  url             = {https://doi.org/10.1111/j.1934-6093.2004.tb00196.x},
}

@article{fleming15_low_order_dampin_track_contr,
  author          = {Andrew J. Fleming and Yik Ren Teo and Kam K. Leang},
  title           = {Low-Order Damping and Tracking Control for Scanning Probe
                  Systems},
  journal         = {Frontiers in Mechanical Engineering},
  volume          = 1,
  number          = {nil},
  pages           = {nil},
  year            = 2015,
  doi             = {10.3389/fmech.2015.00014},
  url             = {https://doi.org/10.3389/fmech.2015.00014},
}

@article{matichard15_seism_isolat_advan_ligo,
  author          = {Matichard, F and Lantz, B and Mittleman, R and Mason, K and
                  Kissel, J and Abbott, B and Biscans, S and McIver, J and
                  Abbott, R and Abbott, S and others},
  title           = {Seismic Isolation of Advanced Ligo: Review of Strategy,
                  Instrumentation and Performance},
  journal         = {Classical and Quantum Gravity},
  volume          = 32,
  number          = 18,
  pages           = 185003,
  year            = 2015,
  doi             = 10.1088/0264-9381/32/18/185003,
  url             = {https://doi.org/10.1088/0264-9381/32/18/185003},
  publisher       = {IOP Publishing},
}

@article{collette10_activ_quadr_stabil_futur_linear_partic_collid,
  author          = {Collette, Christophe and Artoos, Kurt and Kuzmin, A and
                  Janssens, S and Sylte, Magnus and Guinchard, Michael and
                  Hauviller, Claude},
  title           = {Active Quadrupole Stabilization for Future Linear Particle
                  Colliders},
  journal         = {Nuclear Instruments and Methods in Physics Research Section
                  A: Accelerators, Spectrometers, Detectors and Associated
                  Equipment},
  volume          = 621,
  number          = {1-3},
  pages           = {71--78},
  year            = 2010,
  doi             = 10.1016/j.nima.2010.05.020,
  url             = {https://doi.org/10.1016/j.nima.2010.05.020},
  publisher       = {Elsevier},
}

@misc{reilly06_critic,
  author          = {Reilly, S P and Leach, R K},
  note            = {NPL Report},
  title           = {Critical review of seismic vibration isolation techniques},
  year            = 2006,
}

@phdthesis{poel10_explor_activ_hard_mount_vibrat,
  author          = {van der Poel, Gerrit Wijnand},
  doi             = {10.3990/1.9789036530163},
  isbn            = {978-90-365-3016-3},
  keywords        = {parallel robot},
  school          = {University of Twente},
  title           = {An Exploration of Active Hard Mount Vibration Isolation for
                  Precision Equipment},
  url             = {https://doi.org/10.3990/1.9789036530163},
  year            = 2010,
}

@article{collette11_review_activ_vibrat_isolat_strat,
  author          = {Christophe Collette and Stef Janssens and Kurt Artoos},
  title           = {Review of Active Vibration Isolation Strategies},
  journal         = {Recent Patents on Mechanical Engineeringe},
  volume          = 4,
  number          = 3,
  pages           = {212-219},
  year            = 2011,
  doi             = {10.2174/2212797611104030212},
  url             = {https://doi.org/10.2174/2212797611104030212},
}

@article{lin06_distur_atten_precis_hexap_point,
  author          = {Haomin Lin and John E. McInroy},
  title           = {Disturbance Attenuation in Precise Hexapod Pointing Using
                  Positive Force Feedback},
  journal         = {Control Engineering Practice},
  volume          = 14,
  number          = 11,
  pages           = {1377-1386},
  year            = 2006,
  doi             = {10.1016/j.conengprac.2005.10.002},
  url             = {https://doi.org/10.1016/j.conengprac.2005.10.002},
}

@article{fanson90_posit_posit_feedb_contr_large_space_struc,
  author          = {Fanson, JL and Caughey, T Kv},
  title           = {Positive Position Feedback Control for Large Space
                  Structures},
  journal         = {AIAA journal},
  volume          = 28,
  number          = 4,
  pages           = {717--724},
  year            = 1990,
  doi             = 10.2514/3.10451,
  url             = {https://doi.org/10.2514/3.10451},
}

@article{karnopp74_vibrat_contr_using_semi_activ_force_gener,
  author          = {Karnopp, Dean and Crosby, Michael J and Harwood, RA},
  title           = {Vibration Control Using Semi-Active Force Generators},
  journal         = {Journal of Engineering for Industry},
  year            = 1974,
  doi             = {10.1115/1.3438373},
  url             = {https://doi.org/10.1115/1.3438373},
}

@article{serrand00_multic_feedb_contr_isolat_base_excit_vibrat,
  author          = {Serrand, M and Elliott, SJ},
  title           = {Multichannel Feedback Control for the Isolation of
                  Base-Excited Vibration},
  journal         = {Journal of Sound and Vibration},
  volume          = 234,
  number          = 4,
  pages           = {681--704},
  year            = 2000,
  doi             = 10.1006/jsvi.2000.2891,
  url             = {https://doi.org/10.1006/jsvi.2000.2891},
  publisher       = {Elsevier},
}

@article{chesne16_enhan_dampin_flexib_struc_using_force_feedb,
  author          = {Simon Chesn{\'e} and Ariston Milhomem and Christophe
                  Collette},
  title           = {Enhanced Damping of Flexible Structures Using Force
                  Feedback},
  journal         = {Journal of Guidance, Control, and Dynamics},
  volume          = 39,
  number          = 7,
  pages           = {1654-1658},
  year            = 2016,
  doi             = {10.2514/1.g001620},
  url             = {https://doi.org/10.2514/1.g001620},
}

@article{zhao19_optim_integ_force_feedb_contr,
  author          = {Zhao, Guoying and Paknejad, A and Deraemaeker, Arnaud and
                  Collette, Christophe},
  title           = {$\mathcal{H}_\infty$ Optimization of an Integral Force
                  Feedback Controller},
  journal         = {Journal of Vibration and Control},
  volume          = 25,
  number          = 17,
  pages           = {2330--2339},
  year            = 2019,
  doi             = 10.1177/1077546319853165,
  url             = {https://doi.org/10.1177/1077546319853165},
  publisher       = {SAGE Publications Sage UK: London, England},
}

@phdthesis{marneffe07_activ_passiv_vibrat_isolat_dampin_shunt_trans,
  author          = {de Marneffe, Bruno},
  school          = {Universit{\'e} Libre de Bruxelles, Brussels, Belgium},
  title           = {Active and Passive Vibration Isolation and Damping via
                  Shunted Transducers},
  year            = 2007,
}

@book{matlab20,
  author          = {MATLAB},
  title           = {version 9.9.0 (R2020b)},
  year            = 2020,
  publisher       = {The MathWorks Inc.},
  address         = {Natick, Massachusetts},
}

@inproceedings{dehaeze20_activ_dampin_rotat_platf_integ_force_feedb,
  author          = {Dehaeze, T. and Collette, C.},
  title           = {Active Damping of Rotating Platforms using Integral Force
                  Feedback},
  booktitle       = {Proceedings of the International Conference on Modal
                  Analysis Noise and Vibration Engineering (ISMA)},
  year            = 2020,
}
