@inproceedings{dehaeze18_sampl_stabil_for_tomog_exper,
  author = {Thomas Dehaeze and M. Magnin Mattenet and Christophe Collette},
  title = {Sample Stabilization For Tomography Experiments In Presence Of Large Plant Uncertainty},
  booktitle = {MEDSI'18},
  year = {2018},
  number = {10},
  pages = {153--157},
  doi = {10.18429/JACoW-MEDSI2018-WEOAMA02},
  url = {https://doi.org/10.18429/JACoW-MEDSI2018-WEOAMA02},
  address = {Geneva, Switzerland},
  isbn = {978-3-95450-207-3},
  language = {english},
  month = {Dec},
  publisher = {JACoW Publishing},
  series = {Mechanical Engineering Design of Synchrotron Radiation Equipment and Instrumentation},
  venue = {Paris, France},
  tags = {nass},
}
